<?xml version="1.0" encoding="utf-8"?>
<record xmlns="http://www.loc.gov/MARC21/slim" xmlns:xsi="http://www.w3.org/2001/XMLSchema-instance" xsi:schemaLocation="http://www.loc.gov/MARC21/slim http://www.loc.gov/standards/marcxml/schema/MARC21slim.xsd">
	<leader>     nam a22        4500</leader>
	<controlfield tag="001">3071375</controlfield>
	<controlfield tag="003">NNC</controlfield>
	<controlfield tag="006">m        d        </controlfield>
	<controlfield tag="007">cr cn |||m|||a</controlfield>
	<controlfield tag="008">150505s1949    ua      o     000 0 ara d</controlfield>
	<datafield ind1=" " ind2=" " tag="040">
		<subfield code="a">NNU</subfield>
		<subfield code="b">eng</subfield>
		<subfield code="e">rda</subfield>
		<subfield code="c">NNU</subfield>
	</datafield>
	<datafield ind1="0" ind2=" " tag="100">
		<subfield code="6">880-01</subfield>
		<subfield code="a">Abū al-Faraj al-Iṣbahānī,</subfield>
		<subfield code="d">897 or 898-967.</subfield>
	</datafield>
	<datafield ind1="1" ind2="0" tag="245">
		<subfield code="6">880-02</subfield>
		<subfield code="a">Maqātil al-Ṭālibīyīn :</subfield>
		<subfield code="b">li-Abī al-Faraj al-Iṣfahānī /</subfield>
		<subfield code="c">sharḥ wataḥqīq al-saiyid Aḥmad Ṣaqr.</subfield>
	</datafield>
	<datafield ind1=" " ind2=" " tag="260">
		<subfield code="6">880-03</subfield>
		<subfield code="a">al-Qāhirah :</subfield>
		<subfield code="b">ʻĪsá́ al-Bābī al-Ḥalabī,</subfield>
		<subfield code="c">1368 h., 1949 m.</subfield>
	</datafield>
	<datafield ind1=" " ind2=" " tag="300">
		<subfield code="a">online resource (21, 854 pages)</subfield>
	</datafield>
	<datafield ind1=" " ind2=" " tag="336">
		<subfield code="a">text</subfield>
		<subfield code="2">rdacontent</subfield>
	</datafield>
	<datafield ind1=" " ind2=" " tag="337">
		<subfield code="a">computer</subfield>
		<subfield code="2">rdamedia</subfield>
	</datafield>
	<datafield ind1=" " ind2=" " tag="338">
		<subfield code="a">online resource</subfield>
		<subfield code="2">rdacarrier</subfield>
	</datafield>
	<datafield ind1=" " ind2=" " tag="500">
		<subfield code="a">Part of the Arabic Collections Online (ACO) project, contributed by Columbia University Libraries.</subfield>
	</datafield>
	<datafield ind1=" " ind2=" " tag="533">
		<subfield code="a">Electronic reproduction.</subfield>
		<subfield code="b">New York, N.Y. :</subfield>
		<subfield code="c">New York University,</subfield>
		<subfield code="d">2015.</subfield>
		<subfield code="5">NNU</subfield>
	</datafield>
	<datafield ind1="1" ind2=" " tag="700">
		<subfield code="6">880-04</subfield>
		<subfield code="a">Ṣaqr, Aḥamd.</subfield>
	</datafield>
	<datafield ind1="2" ind2=" " tag="710">
		<subfield code="a">Columbia University.</subfield>
		<subfield code="b">Libraries.</subfield>
	</datafield>
	<datafield ind1="0" ind2=" " tag="730">
		<subfield code="a">Arabic Collections Online.</subfield>
	</datafield>
	<datafield ind1="0" ind2="8" tag="776">
		<subfield code="i">Print version:</subfield>
		<subfield code="a">Abū al-Faraj al-Iṣbahānī, 897 or 898-967.</subfield>
		<subfield code="t">Maqātil al-Ṭālibīyīn</subfield>
		<subfield code="w">(NNC)3071375</subfield>
		<subfield code="w">(OCoLC)47814355</subfield>
	</datafield>
	<datafield ind1="4" ind2="0" tag="856">
		<subfield code="u">http://hdl.handle.net/2333.1/83bk3mk6</subfield>
	</datafield>
	<datafield ind1="0" ind2=" " tag="880">
		<subfield code="6">100-01/r</subfield>
		<subfield code="a">ابو الفرج الاصبهاني،</subfield>
		<subfield code="d">897 or 898-967.</subfield>
	</datafield>
	<datafield ind1="1" ind2="0" tag="880">
		<subfield code="6">245-02/r</subfield>
		<subfield code="a">مقاتل الطاليين :</subfield>
		<subfield code="b">لابي الفرج الاصفهاني /</subfield>
		<subfield code="c">شرح وتحقيق السيد احمد صقر.</subfield>
	</datafield>
	<datafield ind1=" " ind2=" " tag="880">
		<subfield code="6">260-03/r</subfield>
		<subfield code="a">القاهرة :</subfield>
		<subfield code="b">عيسى البابي الحلبي،</subfield>
		<subfield code="c">1368 ه.، 1949 م.</subfield>
	</datafield>
	<datafield ind1="1" ind2=" " tag="880">
		<subfield code="6">700-04/r</subfield>
		<subfield code="a">صقر، احمد.</subfield>
	</datafield>
	<datafield ind1=" " ind2=" " tag="959">
		<subfield code="a">NNU</subfield>
		<subfield code="b">WEB</subfield>
		<subfield code="c">GENI</subfield>
		<subfield code="t">0</subfield>
		<subfield code="m">Electronic access</subfield>
		<subfield code="s">01</subfield>
	</datafield>
	<datafield ind1=" " ind2=" " tag="999">
		<subfield code="i">NNC_3071375</subfield>
		<subfield code="o">(OCoLC)ocm47814355</subfield>
		<subfield code="e">(ERROR-880)</subfield>
		<subfield code="s">columbia_aco000226</subfield>
	</datafield>
</record>
